<?xml version="1.0" encoding="UTF-8"?><record xmlns="http://www.loc.gov/MARC21/slim" xmlns:cinclude="http://apache.org/cocoon/include/1.0" xmlns:zs="http://www.loc.gov/zing/srw/">
  <leader>00494cz  a2200145n  4500</leader>
  <controlfield tag="001">n  85129743 </controlfield>
  <controlfield tag="003">DLC</controlfield>
  <controlfield tag="005">20081120081053.0</controlfield>
  <controlfield tag="008">851112n| acannaabn          |n ana      </controlfield>
  <datafield tag="010" ind1=" " ind2=" ">
    <subfield code="a">n  85129743 </subfield>
  </datafield>
  <datafield tag="035" ind1=" " ind2=" ">
    <subfield code="a">(OCoLC)oca01486415</subfield>
  </datafield>
  <datafield tag="040" ind1=" " ind2=" ">
    <subfield code="a">DLC</subfield>
    <subfield code="b">eng</subfield>
    <subfield code="c">DLC</subfield>
    <subfield code="d">OCoLC</subfield>
  </datafield>
  <datafield tag="110" ind1="2" ind2=" ">
    <subfield code="a">Korty Films</subfield>
  </datafield>
  <datafield tag="670" ind1=" " ind2=" ">
    <subfield code="a">Data from CINE for Fast forward [MP] 1984</subfield>
    <subfield code="b">(Korty Films; Mill Valley, CA)</subfield>
  </datafield>
  <datafield tag="670" ind1=" " ind2=" ">
    <subfield code="a">Phone call to Korty Films, 10/22/85</subfield>
    <subfield code="b">(Korty Films not later name for Else, Courturie &amp; Korty; separate firms)</subfield>
  </datafield>
</record>